@Comment А вот так оформляется библиография при помощи BibTeX.


@misc{inf_tinkoff,
  author =		 {Kolinkova, T.E.},
  title = 		 {Тинькофф и Московский центр непрерывного математического образования договорились о сотрудничестве},
  howpublished = {\url{https://www.tinkoff.ru/about/news/16052019-tinkoff-and-mccme-agree-to-cooperate/}},
  note = 		 {Дата обращения: 2019-04-11},
  language =     "russian"
}

@misc{inf_not_working,
  author =		 {Tamarevskaya, A. G.},
  title = 		 {Пожалуйста, исправьте ошибки!},
  howpublished = {\url{https://informatics.mccme.ru/mod/forum/discuss.php?d=3930}},
  note = 		 {Дата обращения: 2019-04-11},
  language =     "russian"
}

@misc{ejudge_arch,
  author =		 {Chernov, A.V.},
  title = 		 {Общая архитектура системы},
  howpublished = {\url{https://ejudge.ru/wiki/index.php/Общая_архитектура_системы}},
  note = 		 {Дата обращения: 2019-04-11},
  language =     "russian"
}

@misc{ejudge_jobs,
  author =		 {Chernov, A.V.},
  title = 		 {Ej-jobs},
  howpublished = {\url{https://ejudge.ru/wiki/index.php/Ej-jobs}},
  note = 		 {Дата обращения: 2019-04-11},
  language =     "russian"
}

@misc{ejudge_source,
  author =		 {Chernov, A.V.},
  title = 		 {Ej-jobs},
  howpublished = {\url{https://github.com/blackav/ejudge}},
  note = 		 {Дата обращения: 2019-04-11},
  language =     "russian"
}

@article{many_files,
  author  = {Bisson, T. and Patel, Y. and Pasupathy, S}, 
  title   = {Designing a fast file system crawler with incremental differencing},
  journal = {ACM SIGOPS Operating Systems Review},
  year    = 2012,
  number  = 3,
  pages   = {11-19},
}

@article{mongo_good_for_unstruct,
  author  = {Győrödi, C., et, al}, 
  title   = {A comparative study: MongoDB vs. MySQL},
  journal = {2015 13th International Conference on Engineering of Modern Electric Systems (EMES)},
  year    = 2015,
  pages   = {1-6},
}

@misc{mongo_store_engine,
  title = 		 {Storage Engines},
  howpublished = {\url{https://docs.mongodb.com/manual/core/storage-engines/}},
  note = 		 {Дата обращения: 2019-04-11},
  language =     "russian"
}

@misc{mongo_wiredtiger,
  title = 		 {WiredTiger Storage Engine},
  howpublished = {\url{https://docs.mongodb.com/manual/core/wiredtiger/}},
  note = 		 {Дата обращения: 2019-04-11},
  language =     "russian"
}

@misc{mongo_indexes,
  title = 		 {WiredTiger Storage Engine},
  howpublished = {\url{https://docs.mongodb.com/manual/indexes/index.html}},
  note = 		 {Дата обращения: 2019-04-11},
  language =     "russian"
}

@misc{mongo_replicas,
  title = 		 {WiredTiger Storage Engine},
  howpublished = {\url{https://docs.mongodb.com/manual/replication/index.html}},
  note = 		 {Дата обращения: 2019-04-11},
  language =     "russian"
}

@article{cache_abstract,
  author =		 {Gessert, F., et, al},
  title = 		 {The cache sketch: Revisiting expiration-based caching in the age of cloud data management},
  publisher = 	 {Datenbanksysteme für Business, Technologie und Web (BTW 2015},
  year = 		 {2015},
  language =     "russian"
}

@article{md5,
  author =		 {Rivest, R.},
  title = 		 {The MD5 message-digest algorithm},
  note = {№. RFC 1321},
  year = 		 {1992},
  language =     "russian"
}

@book{carlson2013redis,
  title={Redis in Action},
  author={Carlson, J.L.},
  isbn={9781617290855},
  url={https://books.google.ru/books?id=qo2aMQEACAAJ},
  year={2013},
  publisher={Manning}
}

@misc{redis_lock_base,
  author =		 {Salvatore Sanfilippo},
  title = 		 {Distributed locks with Redis},
  howpublished = {\url{https://docs.mongodb.com/manual/replication/index.html}},
  note = 		 {Дата обращения: 2019-04-11},
  language =     "russian"
}

@misc{redis_lock_answer,
  author =		 {Salvatore, Sanfilippo},
  title = {Is Redlock safe?},
  howpublished = 		 {\url{http://antirez.com/news/101}},
  note = 		 {Дата обращения: 2019-04-11},
  language =     "russian"
}

@article{race_condition,
  author =		 {Netzer, R., H., B. and Miller, B., P.},
  title = {What are race conditions?: Some issues and formalizations},
  journal = 	 {ACM Letters on Programming Languages and Systems (LOPLAS)},
  year    = 1992,
  pages   = {74-88},
  number = 1,
  language =     "russian"
}

@misc{redis_install,
  author =		 {Mark Drake},
  title = {How to Install and Secure Redis on Centos7},
  howpublished = 	 {\url{https://www.digitalocean.com/community/tutorials/how-to-install-secure-redis-centos-7}},
  note = 		 {Дата обращения: 2019-04-11},
  language =     "russian"
}

@misc{codeforces_countries,
  author =		 {Kelly Kasulis},
  title = {North Korean college coders beat Stanford University in a 2016 competition. Here’s why that matters},
  url = 	 {https://www.mic.com/articles/186412/north-korean-college-coders-beat-stanford-university-in},
  note = 		 {Дата обращения: 2019-05-11},
  language =     "russian"
}

@misc{timus_main,
  author =		 {Timus-Online-Judge-Team},
  title = {Добро пожаловать на Timus Online Judge, архив задач с проверяющей системой},
  url = 	 {http://acm.timus.ru/?locale=ru},
  note = 		 {Дата обращения: 2019-05-11},
  language =     "russian"
}
